@techreport{robins87,
author = {Robins, Gabriel},
title = {The {ISI} grapher: a portable tool for displaying graphs pictorially (ISI/RS-87-196)},
institution = {University of South California},
year = {1987},
month = {September}
}
@book{helpbook,
author = {Boggan, Scott and Fakas, David and Welinske, Joe}
, title = {Developing on-line help for {W}indows}
, publisher = {Sams Publishing}
, address = {11711 North College, Carmel, Indiana 46032, USA}
, year = {1993}
}
@book{kopka,
author = {Kopka, Helmut and Daly, Patrick W.}
, title = {A Guide to LaTeX}
, publisher = {Addison-Wesley}
, year = {1993}
}
@book{pfeiffer,
author = {Pfeiffer, Katherine Shelly}
, title = {Word for Windows Design Companion}
, publisher = {Ventana Press}
, year = {1994}
}
@manual{smart93a,
author = {Smart, Julian}
, title = {wxWindows 1.50 User Manual}
, publisher = {Artificial Intelligence Applications Institute}
, organization = {University of Edinburgh}
, address = {80 South Bridge, Edinburgh, EH1 1HN}
, year = {1993}
}

